@article{VMC,
	Author = {Dubois, J and R. Glyde, H},
	Year = {2000},
	Month = {08},
	Pages = {},
	Title = {Bose-Einstein condensation in trapped bosons: A Variational Monte Carlo analysis},
	Volume = {63},
	Booktitle = {Physical Review A}
}
@article{Vortices,
	author = {Nilsen, Jon and Mur-Petit, Jordi and Guilleumas, M and Hjorth-Jensen, M and Polls, Artur},
	year = {2005},
	month = {05},
	pages = {053610},
	title = {Vortices in Atomic Bose-Einstein Condensates in the Large Gas Parameter Region},
	volume = {71},
	booktitle = {Physical Review A}
}
@article{HighBias,
	author = {Pankaj Metha, Marin Bukov, Ching-Hao Wang, Alexandre G.R Day, Clint Richardson, Charles K. Fisher, David J. Schwab},
	year = {2018},
	month = {03},
	title = {A high-bias, low-variance introduction to Machine Learning for physicists}
}
@misc{Lectures-notes,
  author = {Hjorth-Jensen, M},
  title = {Computational Physics - Lecture Notes},
  year = {2015},
  howpublished = {\url{https://github.com/CompPhysics/ComputationalPhysics2/blob/gh-pages/doc/Literature/lectures2015.pdf}},
}
@misc{LectureNotes-FysStk,
  author = {Hjorth-Jensen, M},
  title = {Data Analysis and Machine Learning: Linear Regression and more advanced Regression Analysis  - Lecture Notes},
  year = {2018},
  howpublished = {\url{https://compphysics.github.io/MachineLearning/doc/pub/Regression/html/._Regression-bs000.html}},
}

@misc{ComphysGit,
  author = {Hjorth-Jensen, M},
  title = {Computational Physics 2: Computational Quantum Mechanics},
  year = {2018},
  publisher = {GitHub},
  journal = {GitHub repository},
  howpublished = {\url{https://github.com/CompPhysics/ComputationalPhysics2}},
}
@misc{Lectures-blocking,
  author = {Nilsen, Jon K - Hjorth-Jensen, M},
  title = {Data Blocking},
  year = {2008},
  howpublished = {\url{http://www.uio.no/studier/emner/matnat/fys/FYS4410/v08/undervisningsmateriale/Material%20for%20Part%20I%20by%20Morten%20HJ/Slides%20from%20Lectures/blocking.pdf}},
}
@misc{Project1,
  author = {Department of Physics, University of Oslo},
  title = {Project 1 on Machine learning},
  year = {2018},
  howpublished = {\url{https://compphysics.github.io/MachineLearning/doc/Projects/2018/Project1/html/Project1-bs.html}},
}
@misc{Project2,
  author = {Department of Physics, University of Oslo},
  title = {Project 2 on Machine learning},
  year = {2018},
  howpublished = {\url{https://compphysics.github.io/MachineLearning/doc/Projects/2018/Project2/pdf/Project2.pdf}},
}

@misc{BiasAndVariance,
  author = {Bendik Samseth},
  title = {Piazza post on Bias and Variance},
  year = {2018},
  howpublished = {https://piazza.com/class/ji78s1cduul39a?cid=59}},
}

@book{OptTheory,
	author = {Sun - Wenyu - Yuan - Ya-Xiang},
	title = {Optimization Theory and Methods},
	year = {2006},
	publisher = {springer}
}
@book{IntroStatistics,
 author = {James, Gareth and Witten, Daniela and Hastie, Trevor and Tibshirani,Robert},
 title = {An Introduction to Statistical Learning: With Applications in R},
 year = {2014},
 isbn = {1461471370, 9781461471370},
 publisher = {Springer Publishing Company, Incorporated},
} 

@book{Marsland,
 author = {Marsland, Stephen},
 title = {Machine Learning: An Algorithmic Perspective},
 year = {2009},
 isbn = {1420067184, 9781420067187},
 edition = {1st},
 publisher = {Chapman \& Hall/CRC},
} 


